<?xml version="1.0" encoding="UTF-8"?><collection><record><leader>05939ntm a2200601 a 4500</leader><controlfield tag="001">006818547</controlfield><controlfield tag="003">MiAaHDL</controlfield><controlfield tag="005">20190719000000.0</controlfield><controlfield tag="006">m        d        </controlfield><controlfield tag="007">cr bn ---auaua</controlfield><controlfield tag="008">090615s1752    xx            00| ||ota d</controlfield><datafield tag="035" ind1=" " ind2=" "><subfield code="a">(MiU)006818547</subfield></datafield><datafield tag="035" ind1=" " ind2=" "><subfield code="a">sdr-miu006818547</subfield></datafield><datafield tag="040" ind1=" " ind2=" "><subfield code="a">MiU</subfield><subfield code="c">MiU</subfield><subfield code="e">amremm</subfield></datafield><datafield tag="041" ind1="0" ind2=" "><subfield code="a">ota</subfield></datafield><datafield tag="043" ind1=" " ind2=" "><subfield code="a">n-us-mi</subfield></datafield><datafield tag="100" ind1="0" ind2=" "><subfield code="6">880-01</subfield><subfield code="a">Nabi,</subfield><subfield code="d">1642-1712.</subfield></datafield><datafield tag="245" ind1="1" ind2="0"><subfield code="6">880-03</subfield><subfield code="a">Zeyl-i Siyer-i Nabi,</subfield><subfield code="f">[1165, i.e. 1752].</subfield></datafield><datafield tag="246" ind1="3" ind2="0"><subfield code="a">Zeyl-i Nabi</subfield></datafield><datafield tag="246" ind1="3" ind2="0"><subfield code="a">Zeyl-i Siyer-i Veysî</subfield></datafield><datafield tag="260" ind1=" " ind2=" "><subfield code="a">[Istanbul,</subfield><subfield code="c">1752].</subfield></datafield><datafield tag="300" ind1=" " ind2=" "><subfield code="a">222 leaves :</subfield><subfield code="b">paper ;</subfield><subfield code="c">213 x 127 (155 x 65) mm.</subfield></datafield><datafield tag="500" ind1=" " ind2=" "><subfield code="a">Shelfmark: Ann Arbor, University of Michigan, Special Collections Library, Isl. Ms. 675</subfield></datafield><datafield tag="500" ind1=" " ind2=" "><subfield code="a">Origin: As appears in colophon on p.446, copied by Khalīl ibn Muḥammad (Halil bin Mehmet) with transcription completed in Istanbul during the first days of Rabīʻ II 1165 [February 1752].</subfield></datafield><datafield tag="500" ind1=" " ind2=" "><subfield code="a">Accompanying materials: a. Inventory cataloguing slip in hand of Winifred Smeaton Thomas. -- b. Acquisitions slip from Yahuda.</subfield></datafield><datafield tag="500" ind1=" " ind2=" "><subfield code="a">Former shelfmark: From interior of upper cover and spine label, "IL 418" (likely supplied by Yahuda, see acquisitions slip).</subfield></datafield><datafield tag="500" ind1=" " ind2=" "><subfield code="a">Binding: Pasteboards now covered in blue coated, textured paper with dull red leather over spine and edges/turn-ins (traces of gold rule border visible) ; Type II binding (once with, flap now lost) ; pastedowns and flyleaves in brown surface-dyed wove paper ; sewn in red thread, two stations ; worked endbands damaged with cores exposed and tailband virtually gone ; overall in poor condition with much abrasion, lifting and losses of paper and leather, loss of flap, etc.</subfield></datafield><datafield tag="500" ind1=" " ind2=" "><subfield code="a">Support: European laid paper with 12 laid lines per cm. (vertical), chain lines spaced 20 and 21 mm. apart (horizontal), and watermarks of lion rampant (see p.34, 35, etc.) and grapes under crown (see p.394, 395, etc.), thin, crisp and transluscent though sturdy, medium cream in color, well-burnished ; moisture damage in the upper outer corner of many leaves ; some pigment burn to breakthrough at the 'gilt' frame.</subfield></datafield><datafield tag="500" ind1=" " ind2=" "><subfield code="a">Decoration: Illuminated headpiece (ʻunwān) at opening on p.6 consisting of rectangular piece with empty gold cartouche flanked by floral motifs in white, pink, lavender, orange-red, and green on a gilt ground pricked here and there with three dots, surmounted by a scalloped w-shaped piece filled with swirling floral vegetal decoration of the same type on grounds of blue and gold (also pricked) and itself surmounted by vertical stalks (tīgh) in blue with red accents ; entire piece set into a well of orange-red with a series of black crosses ; text of incipit and facing page set off by gold strokes, effectively crude 'cloud-bands' ; written area surrounded by 'gold' frame (gone to green on many leaves) ; keywords and section headings rubricated ; textual dividers in the form of red inverted commas ; occasional overlining in red.</subfield></datafield><datafield tag="500" ind1=" " ind2=" "><subfield code="a">Script: Naskh ; clear, compact Turkish hand ; virtually serifless with effect of tilt to the left, slight effect of words descending to baseline, mainly curvlinear descenders, pointing (for two and three dots) in strokes rather than distinct dots.</subfield></datafield><datafield tag="500" ind1=" " ind2=" "><subfield code="a">Layout: Written in 25 lines per page ; frame-ruled.</subfield></datafield><datafield tag="500" ind1=" " ind2=" "><subfield code="a">Collation: ii, 21 V(210), VI (222), i ; quinions followed by a senion ; catchwords present ; foliation in black ink, Hindu-Arabic numerals ; pagination in pencil, Western numerals, supplied during digitization (includes flyleaves).</subfield></datafield><datafield tag="500" ind1=" " ind2=" "><subfield code="a">Colophon: "Scribal," triangular, reads "تم بعونه سبحانه وتعالى في اوائل ربيع الثاني لسنه خمس وستين وماء [مائة] والف بمحروسة دار السلطنة العلية القسطنطنية المحميه حماها الله عن عامه البليه وانا العبد الفقير خليل بن محمد عاملهما الله تعالى بالحسنى والزياده والحمد لله وحده"</subfield></datafield><datafield tag="500" ind1=" " ind2=" "><subfield code="a">Explicit: "اشتمال ايله اعلاى درجات امتيازده جلو كر قيلنمق شيوۀ خفيۀ تقديردن متسبعد [مستبعد] دكلدر"</subfield></datafield><datafield tag="500" ind1=" " ind2=" "><subfield code="a">Incipit: "يا رب سحاب فيضى باران ايله اول فيضله كشت كامى ريان ايله ..."</subfield></datafield><datafield tag="500" ind1=" " ind2=" "><subfield code="a">Title from inscription on front flyleaf (p.1).</subfield></datafield><datafield tag="500" ind1=" " ind2=" "><subfield code="a">Ms. codex.</subfield></datafield><datafield tag="510" ind1="4" ind2=" "><subfield code="a">Brit. Mus. Cat. Turkish MSS.,</subfield><subfield code="c">p.37</subfield></datafield><datafield tag="510" ind1="4" ind2=" "><subfield code="a">Ḥājjī Khalīfah. Kashf al-ẓunūn (ed. Fluegel),</subfield><subfield code="c">iii 201</subfield></datafield><datafield tag="520" ind1="8" ind2=" "><subfield code="a">Elegant copy of Nabi's continuation of Veysî's (d. 1628) work on the sīrah of the Prophet, Dürretü't-tac fî sîret Sâhibi'l-mirâc or Siyer-i Veysî. Contents listing on front flyleaf and 'title page' (pp.4-5).</subfield></datafield><datafield tag="538" ind1=" " ind2=" "><subfield code="a">Mode of access: Internet.</subfield></datafield><datafield tag="541" ind1=" " ind2=" "><subfield code="a">Acquired in 1926 from the bookseller Isaac Benjamin S.E. Yahuda via purchase transacted on his behalf by Abraham Shalom Yahuda (1877-1951), his younger brother.</subfield></datafield><datafield tag="546" ind1=" " ind2=" "><subfield code="a">Ottoman Turkish.</subfield></datafield><datafield tag="561" ind1=" " ind2=" "><subfield code="a">Effaced former owners' marks (including oval seal impression) on front flyleaf (p.3) as well as signature "محمود سامى" (Mahmut Sami) ; possible former inventory marks on 'title page' (p.5) ; occasional marginal corrections or glosses (often marked with signes de renvoi).</subfield></datafield><datafield tag="600" ind1="0" ind2="0"><subfield code="a">Muḥammad,</subfield><subfield code="c">Prophet,</subfield><subfield code="d">-632</subfield><subfield code="v">Biography.</subfield></datafield><datafield tag="650" ind1=" " ind2="0"><subfield code="a">Manuscripts, Turkish</subfield><subfield code="z">Michigan</subfield><subfield code="z">Ann Arbor.</subfield></datafield><datafield tag="655" ind1=" " ind2="7"><subfield code="a">Headpieces (layout features)</subfield><subfield code="y">18th century.</subfield><subfield code="2">aat</subfield></datafield><datafield tag="700" ind1="0" ind2=" "><subfield code="6">880-04</subfield><subfield code="a">Halil bin Mehmet,</subfield><subfield code="d">fl. 1752,</subfield><subfield code="e">scribe.</subfield></datafield><datafield tag="752" ind1=" " ind2=" "><subfield code="a">Turkey</subfield><subfield code="d">Istanbul.</subfield></datafield><datafield tag="773" ind1="0" ind2=" "><subfield code="a">Yahuda Collection.</subfield></datafield><datafield tag="880" ind1="0" ind2=" "><subfield code="6">700-04/</subfield><subfield code="a">خليل بن محمد,</subfield><subfield code="e">ناسخ.</subfield></datafield><datafield tag="880" ind1="1" ind2="0"><subfield code="6">245-03/</subfield><subfield code="a">ذيل سير نابي,</subfield><subfield code="f">[1165ه، 1752م].</subfield></datafield><datafield tag="880" ind1="0" ind2=" "><subfield code="6">100-01/</subfield><subfield code="a">نابى.</subfield></datafield><datafield tag="CID" ind1=" " ind2=" "><subfield code="a">006818547</subfield></datafield><datafield tag="DAT" ind1="0" ind2=" "><subfield code="a">20190719102639.0</subfield><subfield code="b">20190719000000.0</subfield></datafield><datafield tag="DAT" ind1="1" ind2=" "><subfield code="a">20190719090653.0</subfield><subfield code="b">2019-07-19T16:10:52Z</subfield></datafield><datafield tag="DAT" ind1="2" ind2=" "><subfield code="a">2015-10-10T18:00:06Z</subfield></datafield><datafield tag="CAT" ind1=" " ind2=" "><subfield code="a">SDR-MIU</subfield><subfield code="d">EX LIBRIS - ALEPH</subfield><subfield code="l">prepare.pl-004-008</subfield></datafield><datafield tag="FMT" ind1=" " ind2=" "><subfield code="a">BK</subfield></datafield><datafield tag="HOL" ind1=" " ind2=" "><subfield code="0">sdr-miu006818547</subfield><subfield code="a">MiU</subfield><subfield code="b">SDR</subfield><subfield code="c">MIU</subfield><subfield code="p">mdp.39015079129915</subfield><subfield code="s">MIU</subfield><subfield code="1">006818547</subfield></datafield><datafield tag="974" ind1=" " ind2=" "><subfield code="b">MIU</subfield><subfield code="c">MIU</subfield><subfield code="d">20190719</subfield><subfield code="s">lit-dlps-dc</subfield><subfield code="u">mdp.39015079129915</subfield><subfield code="y">1752</subfield><subfield code="r">pd</subfield><subfield code="q">bib</subfield><subfield code="t">non-US bib date1 &lt; 1879</subfield></datafield></record></collection>